<record><leader>00000cas a22000007a 4500</leader><controlfield tag="001">12367748</controlfield><controlfield tag="008">850809d18701873gauwr ne      0    0eng d</controlfield><datafield ind1=" " ind2=" " tag="010"><subfield code="a">sn 85034012 </subfield></datafield><datafield ind1=" " ind2=" " tag="040"><subfield code="a">NPU</subfield><subfield code="b">eng</subfield><subfield code="c">NPU</subfield><subfield code="d">NPX</subfield><subfield code="d">NLG</subfield><subfield code="d">DLC</subfield><subfield code="d">GUA</subfield><subfield code="d">OCLCQ</subfield><subfield code="d">OCLCF</subfield><subfield code="d">OCLCO</subfield></datafield><datafield ind1="1" ind2=" " tag="029"><subfield code="a">AU@</subfield><subfield code="b">000020386338</subfield></datafield><datafield ind1=" " ind2=" " tag="042"><subfield code="a">msc</subfield></datafield><datafield ind1=" " ind2=" " tag="043"><subfield code="a">n-us-ga</subfield></datafield><datafield ind1="0" ind2=" " tag="130"><subfield code="a">Calhoun times (Calhoun, Ga. : 1870)</subfield></datafield><datafield ind1="1" ind2="4" tag="245"><subfield code="a">The Calhoun times.</subfield></datafield><datafield ind1=" " ind2=" " tag="260"><subfield code="a">Calhoun, Ga. :</subfield><subfield code="b">Elam Christian,</subfield><subfield code="c">[1870-1873]</subfield></datafield><datafield ind1=" " ind2=" " tag="300"><subfield code="a">v.</subfield></datafield><datafield ind1=" " ind2=" " tag="310"><subfield code="a">Weekly</subfield></datafield><datafield ind1="1" ind2=" " tag="362"><subfield code="a">Began with Aug. 12, 1870 issue; ceased in May 1873.</subfield></datafield><datafield ind1=" " ind2=" " tag="500"><subfield code="a">Editors: Elam Christian &lt;1870-1871&gt;; W.R. Rankin &lt;1871-1873&gt;; W.C. Rice, D.B. Freeman, &lt;1873&gt;.</subfield></datafield><datafield ind1=" " ind2=" " tag="530"><subfield code="a">Also on microfilm: Athens, Ga. : University of Georgia Libraries.</subfield></datafield><datafield ind1=" " ind2=" " tag="588"><subfield code="a">Description based on: Vol. 1, no. 3 (Aug. 26, 1870).</subfield></datafield><datafield ind1=" " ind2="0" tag="651"><subfield code="a">Gordon County (Ga.)</subfield><subfield code="v">Newspapers.</subfield></datafield><datafield ind1=" " ind2="7" tag="655"><subfield code="a">Newspapers.</subfield><subfield code="2">fast</subfield><subfield code="0">(OCoLC)fst01423814</subfield></datafield><datafield ind1=" " ind2="7" tag="651"><subfield code="a">Georgia</subfield><subfield code="z">Gordon County.</subfield><subfield code="2">fast</subfield><subfield code="0">(OCoLC)fst01211769</subfield></datafield><datafield ind1=" " ind2=" " tag="752"><subfield code="a">United States</subfield><subfield code="b">Georgia</subfield><subfield code="c">Gordon</subfield><subfield code="d">Calhoun.</subfield></datafield><datafield ind1="0" ind2="0" tag="785"><subfield code="t">Calhoun weekly times</subfield><subfield code="w">(DLC)sn 91099116</subfield></datafield></record>